@inproceedings{BadiaBangkok,
    Address     = {{Bangkok, Thailand}},
    Author      = {L.~Badia and N.~Bui},
    Booktitle   = {{IEE Mobility'06}},
    Month       = {{Oct.}},
    Title       = {{A Group Mobility Model Based on Nodes' Attraction for Next Generation Wireless Networks}},
    Year        = {2006}
}

@inproceedings{AzadSantander,
    Address     = {{Santander, Spain}},
    Author      = {S.~Azad and P.~Casari and F.~Guerra and M.~Zorzi},
    Booktitle   = {{OES/IEEE Oceans}},
    Month       = june,
    Title       = {{On ARQ Strategies over Random Access Protocols in Underwater Acoustic Networks}},
    Year        = {2011}
}


@inproceedings{SyedPhoenix,
    Address = {{Phoenix, AZ, US}},
    author = {A. A.~Syed and W.~Ye and J.~Heidemann},
    Booktitle   = {{IEEE INFOCOM}},
    Month       = {{Apr.}},
    title = {{T-Lohi: A new class of MAC protocols for underwater acoustic sensor networks}},
    Year        = {2008}
}

@article{Peleato07,
    Author  = {B.~Peleato and M.~Stojanovic},
    Journal = {{IEEE Communications Letters}},    
    Pages   = {1025--1027},
    Title   = {{Distance aware collision avoidance protocol for ad-hoc underwater acoustic sensor networks}},
    Volume  = {11},
    Number = {12},
    Year    = {2007}
}

@inproceedings{GuoSingapore,
    Address     = {{Singapore}},
    Author      = {X.~Guo and M.R.~Frater and M.J.~Ryan},
    Booktitle   = {{OES/IEEE Oceans}},
    Month       = may.,
    Title       = {{A propagation-delay-tolerant collision avoidance protocol for underwater acoustic sensor networks}},
    Year        = {2006}
}

@article{Abramson85,
    Author  = {N.~Abramson},
    Journal = {{IEEE Transactions on Information Theory}},    
    Pages   = {119--123},
    Title   = {{Development of the ALOHANET}},
    Volume  = {31},
    Number = {2},
    Year    = {1985}
}

@inproceedings{LiangTakamatsu,
  author	= "Wei Liang and Haibin Yu and Lin Liu and Bangxiang Li and Chang Che",
  title		= "Information-Carrying Based Routing Protocol for Underwater Acoustic Sensor Network",
  booktitle	= {Proc.~of ICMA},
  year		= 2007,
  month		= aug,
  address	= "Takamatsu, Kagawa, Japan"
}

@inproceedings{PartamLosAngels,
  author	= "Jim Partan and Jim Kurose and Brian Levine ",
  title		= "A Survey of Practical Issues in Underwater Networks",
  booktitle	= {Proc.~of ACM WUWNet},
  year		= 2006,
  month		= sep,
  address	= "Los Angeles, CA"
}

@inproceedings{HeidemannLasVegas,
	author={Heidemann, J. and Wei Ye and Wills, J. and Syed, A. and Yuan Li},
	booktitle="Proc.~of IEEE WCMC", 
	title="Research challenges and applications for underwater sensor networking",
	year=2006,
	month=apr,
	address="Las Vegas, NV"
}

@article{Sozer00,
	author	= "E.~M.~Sozer and M.~Stojanovic and J.~G.~Proakis",
	title	= "{Underwater acoustic networks}",
	journal	= IEEE_J_OE,
	volume	= 25,
	number	= 1,
	pages	= "72--83",
	month	= jan,
	year	= 2000
}

@inproceedings{PetrioliSantander1,
    Address     = {{Santander, Spain}},
    Author      = {C.~Petrioli and R.~Petroccia and J.~Potter},
    Booktitle   = {{OES/IEEE Oceans}},
    Month       = june,
    Title       = {{Performance evaluation of underwater MAC protocols: From simulation to at-sea testing}},
    Year        = {2011}
}

@inproceedings{PetrioliSantander2,
    Address     = {{Santander, Spain}},
    Author      = {C.~Petrioli and R.~Petroccia and J.~Shusta and L.~Freitag},
    Booktitle   = {{OES/IEEE Oceans}},
    Month       = june,
    Title       = {{From underwater simulation to at-sea testing using the ns-2 network simulator}},
    Year        = {2011}
}

@misc{Goby,
    Title       = {{The Goby Underwater Autonomy Project - \emph{Goby}}},
    Url         = {http://gobysoft.com/},
    Note        = {{Last time accessed: March 2012}}

}

@misc{DESERT,
    Title       = {{The DESERT Underwater libraries - \emph{DESERT}}},
    Url         = {http://nautilus.dei.unipd.it/desert-underwater},
    Note        = {{Last time accessed: March 2012}}

}

@misc{ns2,
    Title       = {{The Network Simulator - \emph{ns-2}}},
    Url         = {http://nsnam.isi.edu/nsnam/index.php/User_Information},
    Note        = {{Last time accessed: March 2012}}

}

@misc{NS-Miracle,
    Title       = {{The Network Simulator - \emph{NS-Miracle}}},
    Url         = {http://dgt.dei.unipd.it/download},
    Note        = {{Last time accessed: March 2012}}

}

@misc{WOSS,
    Title       = {{The World Ocean Simulation System - \emph{WOSS}}},
    Url         = {http://telecom.dei.unipd.it/ns/woss/},
    Note        = {{Last time accessed: March 2012}}

}

@misc{NMEA,
    Title       = {{The National Marine Electronics Association - \emph{NMEA}}},
    Url         = {http://www.nmea.org/},
    Note        = {{Last time accessed: March 2012}}
}

@misc{NAUTILUS,
    Title       = {{NAUTILUS Project}},
    Url         = {http://www.nautilus.dei.unipd.it/},
    Note        = {{NAUTILUS Project's Homepage, Last time accessed: March 2012}}
}

@misc{PandaBoard,
    Title       = {{PandaBoard}},
    Url         = {http://www.pandaboard.org/},
    Note        = {{PandaBoard's Homepage, Last time accessed: December 2011}}
}

@misc{BeagleBoard,
    Title       = {{BeagleBoard}},
    Url         = {http://beagleboard.org/},
    Note        = {{BeagleBoard's Homepage, Last time accessed: December 2011}}
}

@misc{Gumstix,
    Title       = {{Gumstix}},
    Url         = {http://www.gumstix.com/},
    Note        = {{Gumstix's Homepage, Last time accessed: December 2011}}
}

@thesis{ChiangPhDThesis,
    title = {{Wireless Network Multicasting}},
    author = {C.~Chiang},
    note = {{PhD Thesis, University of California, Los Angeles}},
    year = {1998} 
}

@inproceedings{LiangNY,
    Address     = {{New York, NY, US}},
    Author      = {B.~Liang and Z.~Haas},
    Booktitle   = {{IEEE INFOCOM}},
    Month       = {{Mar.}},
    Title       = {{Predictive distance-based mobility management for PCS networks.}},
    Year        = {1999}
}

@inproceedings{RoyerHelsinki,
    Address     = {{Helsinki, Finland}},
    Author      = {E.~Royer and P.M.~Melliar-Smith and L.~Moser},
    Booktitle   = {{IEEE ICC}},
    Month       = {{Jun.}},
    Title       = {{An analysis of the optimum node density for ad hoc mobile networks.}},
    Year        = {2001}
}


@book{JohnsonBook,
   Author={D.~Johnson and D.~Maltz},
   Title={Dynamic source routing in ad hoc wireless networks.},
   Publisher={In \emph{Mobile Computing}, Kluwer Academic Publisher},
   Year={2008}
   }

@article{Sanchez01,
    Author  = {M.~Sanchez and P.~Manzoni},
    Journal = {{Future Generation Computer Systems}},    
    Pages   = {573--583},
    Title   = {{Anejos: A Java based simulator for ad-hoc networks}},
    Volume  = {17},
    Number = {5},
    Year    = {2001}
}

@inproceedings{BadiaBangkok,
    Address     = {{Bangkok, Thailand}},
    Author      = {L.~Badia and N.~Bui},
    Booktitle   = {{IEE Mobility'06}},
    Month       = {{Oct.}},
    Title       = {{A Group Mobility Model Based on Nodes' Attraction for Next Generation Wireless Networks}},
    Year        = {2006}
}

@inproceedings{BlakelyPhiladelphia,
    Address     = {{Philadelphia, PA, US}},
    Author      = {K.~Blakely and B.~Lowekamp},
    Booktitle   = {{MobiWac}},
    Month       = {{Sep.-Oct.}},
    Title       = {{A structured group mobility model for the simulation of mobile ad hoc networks}},
    Year        = {2004}
}


@inproceedings{HongSeattle,
    Address     = {{Seattle, WA, US}},
    Author      = {X.~Hong and M.~Gerla and G.~Pei and C.~Chiang},
    Booktitle   = {{ACM MSWiM}},
    Month       = {{Aug.}},
    Title       = {{A group mobility model for ad hoc wireless networks}},
    Year        = {1999}
}

@article{Zonoozi97,
    Author  = {M.~Zonoozi and P.~Dassanayake},
    Journal = {{IEEE Journal on Selected Areas in Communications}},    
    Pages   = {1239--1252},
    Title   = {{User mobility modeling and characterization of mobility pattern}},
    Volume  = {15},
    Year    = {1997}
}

@article{Camp02,
    Author  = {T.~Camp and J.~Boleng and V.~Davies},
    Journal = {{Wireless Communication and Mobile Computing}},    
    Pages   = {483--502},
    Title   = {{A Survey of Mobility Models for Ad Hoc Network Research}},
    Volume  = {2},
    Year    = {2002}
}

@inproceedings{LinWuhan,
    Address     = {{Wuhan, China}},
    Author      = {W.~Lin and D.~Li and Y.~Tan and J.~Chen and T.~Sun},
    Booktitle   = {{First International Conference on Intelligent Networks and Intelligent Systems (ICINIS)}},
    Month       = nov.,
    Title       = {{Architecture of Underwater Acoustic Sensor Networks: A Survey}},
    Year        = {2008}
}

@inproceedings{PompiliLosAngeles,
    Address     = {{Los Angeles, CA, US}},
    Author      = {D.~Pompili and T.~Melodia and I. F.~Akyildiz},
    Booktitle   = {{ACM WUWNet}},
    Month       = sep.,
    Title       = {{Deployment Analysis in Underwater Acoustic Wireless Sensor Networks}},
    Year        = {2006}
}

@article{Akyildiz05,
    Author  = {I. F.~Akyildiz and D.~Pompili and T.~Melodia},
    Journal = {{Ad Hoc Networks}},    
    Pages   = {257--279},
    Title   = {{Underwater Acoustic Sensor Networks: Research Challenges}},
    Volume  = {3},
    Year    = {2005}
}


@inproceedings{rModem1,
    Address     = {{Los Angeles, CA, US}},
    Author      = {E. M.~Sozer and M.~Stojanovic},
    Booktitle   = {{ACM WUWNet}},
    Month       = set,
    Title       = {{Reconfigurable Acoustic Modem for Underwater Sensor Networks}},
    Year        = {2006}
}

@inproceedings{rModem2,
    Address     = {{Qu\'ebec City, Canada}},
    Author      = {M.~Aydinlik and A. T.~Ozdemir and M.~Stojanovic},
    Booktitle   = {{MTS/IEE Oceans}},
    Month       = set,
    Title       = {{A Physical Layer Implementation on Reconfigurable Underwater Acoustic Modem}},
    Year        = {2008}
}

@inproceedings{AquaNode,
    Address     = {{Montr\'eal, Canada}},
    Author      = {I.~Vasilescu and C.~Detweiler and D.~Rus},
    Booktitle   = {{ACM WUWNet}},
    Month       = set,
    Title       = {{AquaNodes: An Underwater Sensor Network}},
    Year        = {2007}
}

@inproceedings{Zhou1,
    Address     = {{Dominican University of California, CA, US}},
    Author      = {S.~Mason and R.~Anstett and N.~Anicette and S.~Zhou},
    Booktitle   = {{NCUR}},
    Month       = apr,
    Title       = {{A Broadband Underwater Acoustic Modem Implementation Using Coherent OFDM}},
    Year        = {2007}
}

@techreport{Zhou2,
    title = {{The Next Milestone: A Multicarrier Acoustic MODEM with Channel- and Network-Adaptivity for Underwater Autonomous Distributed Systems}},
    author = {S.~Zhou},
    note = {ONR Young Investigator Program (YIP) Progress report},
    year = {2009},
    url = {{http://handle.dtic.mil/100.2/ADA531930}} 
}

@techreport{Zhou3,
    title = {{Towards A Practical Multicarrier Modem for Underwater Telemetry and Distributed Networks}},
    author = {S.~Zhou},
    note = {UWSN Lab Progress report},
    year = {2010},
    url = {{http://www.engr.uconn.edu/}}
}

@inproceedings{UANT,
    Address     = {{Berkeley, CA, US}},
    Author      = {D.~Torres and J.~Friedman and T.~Schmid and M. B.~Srivastava},
    Booktitle   = {{ACM WUWNet}},
    Month       = nov,
    Title       = {{Software-Defined Underwater Acoustic Networking Platform}},
    Year        = {2009}
}

@inproceedings{Benson,
    Address     = {{Seattle, WA, US}},
    Author      = {B.~Benson and Y.~Li and R.~Kastner and B.~Faunce and K.~Domond and D.~Kimball and C.~Schurgers},
    Booktitle   = {{MTS/IEEE Oceans}},
    Month       = sep,
    Title       = {{Design of a Low-Cost, Underwater Acoustic Modem for Short-Range Sensor Networks}},
    Year        = {2010}
}

@inproceedings{SDAM,
    Address     = {{Istanbul, Turkey}},
    Author      = {W. S.~Hodgkiss and J. D.~Skinner},
    Booktitle   = {{ECUA}},
    Month       = jul,
    Title       = {{A Multichannel Software-Defined Acoustic Modem}},
    Year        = {2010}
}

@techreport{SAAB/SUS,
    title = {{Saab Multiband Underwater Modem, short introduction}},
    author = {H.~Strandberg},
    note = {{presentation given at the RACUN Scenario Workshop}},
    year = {2010} 
}

@misc{Hydro_Survey,
    Title       = {{Acoustic Modems}},
    Url         = {http://www.hydro-international.com/productsurvey/id7-Acoustic_Modems.html},
    Note        = {{Product Survey of Hydro International, Last time accessed: March 2012}}
}

@misc{Aquatec,
    Title       = {{Aquatec Group}},
    Url         = {http://www.aquatecgroup.com/},
    Note        = {{Last time accessed: March 2012}}

@misc{Develogic,
    Title       = {{Develogic Subsea Systems}},
    Url         = {http://www.develogic.de/},
    Note        = {{Last time accessed: March 2012}}

@misc{Evologics,
    Title       = {{Evologics}},
    Url         = {http://www.evologics.de/},
    Note        = {{Last time accessed: March 2012}}

@misc{L3,
    Title       = {{L3 ELAC Nautik}},
    Url         = {http://www.elac-nautik.de/},
    Note        = {{Last time accessed: March 2012}}

@misc{Sonardyne,
    Title       = {{Sonardyne}},
    Url         = {http://www.sonardyne.com/},
    Note        = {{Last time accessed: March 2012}}

@misc{WFS,
    Title       = {{WFS Technologies}},
    Url         = {http://www.wfs-tech.com/},
    Note        = {{Last time accessed: March 2012}}

}

@misc{WHOI,
    Title       = {{Woods Hole Oceanographic Institution}},
    Url         = {http://www.whoi.edu/},
    Note        = {{Last time accessed: March 2012}}

}




